@STRING{CACM = {Communications of the ACM}}
@STRING{JACM = {Journal of the ACM}}
@STRING{SIAMJC = {SIAM Journal of Computing}}
@STRING{SPIE = {The International Society for Optical Engineering}}
@STRING{IEEETAES = {IEEE Transactions on Aerospace and Electronic Systems}}
@STRING{IEEETGARS = {IEEE Transactions on Geoscience and Remote Sensing}}
@STRING{IEE-EL = {IEE Electronics Letters}}
@STRING{IEEESIG = {IEEE Signal Processing Society}}
@STRING{IEEEPROC = {Proceedings of the IEEE}}
@STRING{IEEETIP = {IEEE Transactions on Image Processing}}
@STRING{GP = {Geophysical Prospecting}}
@STRING{IGARSS = {IEEE International Geoscience and Remote Sensing}}
@STRING{IEEEGARS = {IEEE Geoscience and Remote Sensing Society}}
@STRING{SPIE = {The International Society for Optical Engineering}}
@STRING{IEEE = {Institute of Electrical and Electronic Engineers}}
@STRING{IEEETSP = {IEEE Transactions on Signal Processing}}
@STRING{PC = {Parallel Computing}}
@STRING{IJRS = {International Journal of Remote Sensing}}
@STRING{IEEETASSP = {IEEE Transactions on Acoustics, Speech, and Signal Processi
ng}}
@STRING{AO = {Applied Optics}}
@INPROCEEDINGS{Adams:1989,
        AUTHOR             = {J. W. Adams and R. E. Hudson and R. W. Bayma and J
. E. Nelson},
        ADDRESS            = {Orlando, FL, USA},
        BOOKTITLE          = {Proceedings of the SPIE},
        KEY                = {343},
        MONTH              = {Mar. 27--28},
        ORGANIZATION       = SPIE,
        PAGES              = {34--45},
        SERIES             = {Millimeter Wave and Synthetic Aperture Radar},
        TITLE              = {Digital Interpolators for Polar Format Processing}
,
        VOLUME             = {1101},
        YEAR               = {1989},
        CRINDEX            = {chap2b}
}

@ARTICLE{Adams:1991,
        AUTHOR             = {J. W. Adams and R. W. Bayma and M. E. Lawrence and
 L. Petrosian},
        JOURNAL            = IEEETSP,
        MONTH              = apr,
        NUMBER             = {4},
        PAGES              = {953--955},
        TITLE              = {On the Modified Chirp {$Z$} Transform for Syntheti
c Aperture Radar Systems},
        VOLUME             = {39},
        YEAR               = {1991},
        CRINDEX            = {chap1}
}

@PHDTHESIS{Bauck:1990,
        AUTHOR             = {J. L. Bauck},
        ADDRESS            = {Urbana, IL, USA},
        KEY                = {unused},
        MONTH              = jan,
        SCHOOL             = {University of Illinois at Urbana-Champaign},
        TITLE              = {Tomographic Processing of Synthetic Aperture Radar
 Signals for Enhanced Resolution},
        TYPE               = {Doctoral Dissertation},
        YEAR               = {1990},
        CRINDEX            = {chap1}
}

@MISC{Burns:1997,
        AUTHOR             = {B. L. Burns and J. T. Cordaro},
        HOWPUBLISHED       = {United States Patent No. 5,608,404},
        KEY                = {308},
        MONTH              = {Mar. 3},
        TITLE              = {Imaging Synthetic Aperture Radar},
        YEAR               = {1997},
        CRINDEX            = {chap1}
}

@BOOK{Blahut:1985,
        AUTHOR             = {R. E. Blahut},
        ADDRESS            = {Reading, MA, USA},
        KEY                = {bluebook},
        PUBLISHER          = {Addison-Wesley},
        TITLE              = {Fast Algorithms for Digital Signal Processing},
        YEAR               = {1985},
        CRINDEX            = {chap6},
        ANNOTE             = {This the is the big, blue ERIM book}
}

@TECHREPORT{Doerry1:1995,
        AUTHOR             = {A. W. Doerry and N. Magotra},
        ADDRESS            = {P.O. Box 5800, Albuquerque, NM., 87185},
        INSTITUTION        = {Sandia National Laboratories},
        KEY                = {309},
        MONTH              = oct,
        NUMBER             = {SAND95-2284J},
        TITLE              = {Wide Angle Fine Resolution Spotlight {S}{A}{R} wit
h Tiered Subapertures},
        TYPE               = {Sandia Report},
        YEAR               = {1995},
        CRINDEX            = {chap1}
}

@UNPUBLISHED{Ghiglia:1991,
        AUTHOR             = {D. C. Ghiglia},
        MONTH              = mar,
        NOTE               = {Internal company memorandum, Sandia National Labor
atories, Albuquerque, NM. USA},
        TITLE              = {{I}{P}{R} Spread in Pixels as a Function of Quadra
tic Phase Error},
        YEAR               = {1991},
        CRINDEX            = {appenda}
}

@MASTERSTHESIS{Schwartz:1980,
        AUTHOR             = {D. A. Schwartz},
        ADDRESS            = {Urbana, IL, USA},
        MONTH              = mar,
        SCHOOL             = {University of Illinois},
        TITLE              = {Analysis and Experimental Investigation of Three S
ynthetic Aperture Radar Formats},
        TYPE               = {{M}.{S}. {T}hesis ({C}oordinated {S}cience {L}ab -
 Tech. Rep. T-94)},
        YEAR               = {1980},
        CRINDEX            = {chap2b}
}
@book{JAJA92,
   author    = {J.~J\'{a}J\'{a}},
   title     = {{An Introduction to Parallel Algorithms}},
   year      = {1992},
   publisher = {Addison-Wesley Publishing Company},
   address   = {New York}
}

